
@misc{boseCodefitness2022,
	title = {code-fitness},
	url = {https://github.com/ineshbose/code-fitness},
	abstract = {Fitness application for Software Projects},
	urldate = {2022-12-15},
	author = {Bose, Inesh},
	month = dec,
	year = {2022},
	note = {original-date: 2022-10-25T17:43:49Z},
	keywords = {repository, tech},
}
