
@misc{boseCodefitness2022,
	title = {code-fitness},
	url = {https://github.com/ineshbose/code-fitness},
	abstract = {Fitness application for Software Projects},
	urldate = {2022-12-15},
	author = {Bose, Inesh},
	month = dec,
	year = {2022},
	note = {original-date: 2022-10-25T17:43:49Z},
	keywords = {repository, tech},
}

@misc{NuxtIntuitiveWeb,
	title = {Nuxt: {The} {Intuitive} {Web} {Framework}},
	shorttitle = {Nuxt},
	url = {https://nuxt.com/},
	abstract = {Build your next Vue.js application with confidence using Nuxt. An open source framework under MIT license that makes web development simple and powerful.},
	language = {en},
	urldate = {2022-12-15},
	journal = {Nuxt},
	keywords = {tech},
}

@misc{StateJS2021,
	title = {The {State} of {JS} 2021},
	url = {https://2021.stateofjs.com/en-US/},
	abstract = {The 2021 edition of the annual survey about the latest trends in the JavaScript ecosystem.},
	language = {en},
	urldate = {2022-12-15},
	keywords = {tech},
}

@misc{FitbitAppDashboarda,
	title = {Fitbit {App} \& {Dashboard}},
	url = {https://www.fitbit.com/gb/app},
	urldate = {2022-12-15},
	keywords = {tech},
}

@misc{GoogleFita,
	title = {Google {Fit}},
	url = {https://www.google.com/fit/},
	abstract = {Coaching you to a healthier and more active life},
	language = {en-GB},
	urldate = {2022-12-15},
	journal = {Google Fit},
	keywords = {tech},
}

@misc{ReactJavaScriptLibrary,
	title = {React – {A} {JavaScript} library for building user interfaces},
	url = {https://reactjs.org/},
	abstract = {A JavaScript library for building user interfaces},
	language = {en},
	urldate = {2022-12-15},
	keywords = {tech},
}

@misc{VueJsProgressive,
	title = {Vue.js - {The} {Progressive} {JavaScript} {Framework} {\textbar} {Vue}.js},
	url = {https://vuejs.org/},
	urldate = {2022-12-15},
	keywords = {tech},
}

@misc{Angular,
	title = {Angular},
	url = {https://angular.io/},
	urldate = {2022-12-15},
	keywords = {tech},
}

@misc{WebviewAPI,
	title = {Webview {API}},
	url = {https://code.visualstudio.com/api/extension-guides/webview},
	abstract = {Use the Webview API to create fully customizable views within Visual Studio Code.},
	language = {en},
	urldate = {2022-12-15},
	keywords = {tech},
}

@misc{FeaturesGitHubActionsa,
	title = {Features • {GitHub} {Actions}},
	url = {https://github.com/features/actions},
	abstract = {Easily build, package, release, update, and deploy your project in any language—on GitHub or any external system—without having to run code yourself.},
	language = {en},
	urldate = {2022-12-15},
	journal = {GitHub},
	keywords = {tech},
}

@misc{GitLabCICD,
	title = {{GitLab} {CI}/{CD} {\textbar} {GitLab}},
	url = {https://docs.gitlab.com/ee/ci/},
	abstract = {Learn how to use GitLab CI/CD, the GitLab built-in Continuous Integration, Continuous Deployment, and Continuous Delivery toolset to build, test, and deploy your application.},
	language = {en-us},
	urldate = {2022-12-15},
	keywords = {tech},
}

@misc{atlassianBitbucketPipelinesContinuous,
	title = {Bitbucket {Pipelines} - {Continuous} {Delivery}},
	url = {https://bitbucket.org/product/features/pipelines},
	abstract = {Bitbucket Pipelines brings continuous integration and delivery to Bitbucket Cloud, empowering teams to build, test, and deploy their code within Bitbucket.},
	language = {en},
	urldate = {2022-12-15},
	journal = {Bitbucket},
	author = {Atlassian},
	keywords = {tech},
}

@misc{SnykDeveloperSecurity2020a,
	title = {Snyk {\textbar} {Developer} security {\textbar} {Develop} fast. {Stay} secure.},
	url = {https://snyk.io/, https://snyk.io/},
	abstract = {Snyk helps software-driven businesses develop fast and stay secure. Continuously find and fix vulnerabilities for npm, Maven, NuGet, RubyGems, PyPI and more.},
	language = {en-US},
	urldate = {2022-12-15},
	month = oct,
	year = {2020},
	keywords = {tech},
}

@misc{Git,
	title = {Git},
	url = {https://git-scm.com/},
	urldate = {2022-12-15},
	keywords = {tech},
}

@misc{Vite,
	title = {Vite},
	url = {https://vitejs.dev},
	abstract = {Next Generation Frontend Tooling},
	language = {en-US},
	urldate = {2022-12-15},
	keywords = {tech},
}

@misc{wakatimeWakaTimeDashboardsDevelopers,
	title = {{WakaTime} - {Dashboards} for developers},
	url = {https://wakatime.com/},
	abstract = {Open source IDE plugins for programmers.},
	language = {en},
	urldate = {2022-12-15},
	journal = {WakaTime},
	author = {WakaTime},
	keywords = {tech},
}

@misc{GitHubLetBuild,
	title = {{GitHub}: {Let}’s build from here},
	shorttitle = {{GitHub}},
	url = {https://github.com/},
	abstract = {GitHub is where over 94 million developers shape the future of software, together. Contribute to the open source community, manage your Git repositories, review code like a pro, track bugs and feat...},
	language = {en},
	urldate = {2022-12-15},
	journal = {GitHub},
	keywords = {tech},
}

@misc{OneDevOpsPlatform,
	title = {{GitLab}},
	url = {https://about.gitlab.com/},
	abstract = {From planning to production, bring teams together in one application. Ship secure code more efficiently to deliver value faster.},
	language = {en},
	urldate = {2022-12-15},
	keywords = {tech},
}

@misc{SvelteCyberneticallyEnhanced,
	title = {Svelte • {Cybernetically} enhanced web apps},
	url = {https://svelte.dev/},
	abstract = {Cybernetically enhanced web apps},
	language = {en},
	urldate = {2022-12-15},
	keywords = {tech},
}

@misc{ShieldsIoQualitya,
	title = {Shields.io: {Quality} metadata badges for open source projects},
	url = {https://shields.io/},
	urldate = {2022-12-15},
	keywords = {tech},
}

@misc{BitbucketGitSolution,
	title = {Bitbucket {\textbar} {Git} solution for teams using {Jira}},
	url = {https://bitbucket.org/},
	urldate = {2022-12-15},
	keywords = {tech},
}

@misc{DevOpsIntelligencePlatforma,
	title = {The {DevOps} {Intelligence} {Platform} - {Codacy}},
	url = {https://www.codacy.com/},
	abstract = {Enabling software development teams to achieve their full potential. Get visibility of your organization’s engineering health.},
	language = {en},
	urldate = {2022-12-15},
	keywords = {tech},
}

@misc{DataDrivenEngineeringIntelligence,
	title = {Code {Climate}},
	url = {https://codeclimate.com/},
	abstract = {Code Climate's industry-leading engineering intelligence solution helps you unlock the full potential of your organization and ship better code, faster.},
	language = {en-US},
	urldate = {2022-12-15},
	journal = {Code Climate},
	keywords = {tech},
}

@misc{LibrariesOpenSourcea,
	title = {Libraries.io - {The} {Open} {Source} {Discovery} {Service}},
	url = {https://libraries.io},
	abstract = {Discover open source libraries, modules and frameworks you can use in your code},
	language = {en},
	urldate = {2022-12-15},
	journal = {Libraries.io},
	keywords = {tech},
}

@misc{Dependabot,
	title = {Dependabot},
	url = {https://github.com/dependabot},
	abstract = {Automated dependency updates built into GitHub. Dependabot has 23 repositories available. Follow their code on GitHub.},
	language = {en},
	urldate = {2022-12-15},
	journal = {GitHub},
	keywords = {tech},
}

@misc{VisualStudioCode,
	title = {Visual {Studio} {Code}},
	url = {https://code.visualstudio.com/},
	abstract = {Visual Studio Code is a code editor redefined and optimized for building and debugging modern web and cloud applications.  Visual Studio Code is free and available on your favorite platform - Linux, macOS, and Windows.},
	language = {en},
	urldate = {2022-12-15},
	keywords = {tech},
}

@misc{GlobalDeveloperCommunity,
	title = {The global developer community},
	url = {https://octoverse.github.com/2022/developer-community},
	abstract = {Explore the GitHub developer community and key productivity metrics.},
	language = {en-gb},
	urldate = {2022-12-06},
	journal = {The State of the Octoverse},
	keywords = {tech},
}

@misc{PyPIPythonPackagea,
	title = {{PyPI} · {The} {Python} {Package} {Index}},
	url = {https://pypi.org/},
	abstract = {The Python Package Index (PyPI) is a repository of software for the Python programming language.},
	language = {en},
	urldate = {2022-12-14},
	journal = {PyPI},
	keywords = {tech},
}

@misc{StackOverflowDeveloper,
	title = {Stack {Overflow} {Developer} {Survey} 2021},
	url = {https://insights.stackoverflow.com/survey/2021/?utm_source=social-share&utm_medium=social&utm_campaign=dev-survey-2021},
	abstract = {In May 2021 over 80,000 developers told us how they learn and level up, which tools they’re using, and what they want.},
	language = {en},
	urldate = {2022-12-12},
	journal = {Stack Overflow},
	keywords = {tech},
}

@misc{NpmBlogArchive,
	title = {npm {Blog} {Archive}: {So} long, and thanks for all the packages!},
	shorttitle = {npm {Blog} {Archive}},
	url = {https://blog.npmjs.org/post/615388323067854848/so-long-and-thanks-for-all-the-packages},
	abstract = {npm Blog (Archive); updates from the npm team are now published on the GitHub Blog and the GitHub Changelog},
	urldate = {2022-12-06},
	keywords = {tech},
}
